<?xml version="1.0" encoding="UTF-8"?><collection xmlns="http://www.loc.gov/MARC21/slim"><record><leader>00474nam--2200181-i-4500</leader><controlfield tag="001">000029246</controlfield><controlfield tag="002">20161230</controlfield><controlfield tag="005">20161230201037</controlfield><controlfield tag="008">060222s1000------------r-----000-0-fre-d</controlfield><datafield ind1=" " ind2=" " tag="040"><subfield code="a">IFIN-HH</subfield></datafield><datafield ind1=" " ind2=" " tag="041"><subfield code="a">fre</subfield></datafield><datafield ind1=" " ind2=" " tag="080"><subfield code="a">519.516.217:530.162:530.12</subfield></datafield><datafield ind1="1" ind2=" " tag="100"><subfield code="a">Levy, Paul</subfield></datafield><datafield ind1="1" ind2="0" tag="245"><subfield code="a">Processus stochastique et mouvement browniem</subfield><subfield code="c">Paul Levy</subfield></datafield><datafield ind1=" " ind2=" " tag="260"><subfield code="a">Paris, Gauthier-villars, 1965</subfield></datafield><datafield ind1=" " ind2=" " tag="300"><subfield code="a">XI + 438P</subfield></datafield><datafield ind1=" " ind2=" " tag="852"><subfield code="a">24186</subfield><subfield code="c">519.2</subfield></datafield><datafield ind1=" " ind2=" " tag="CAT"><subfield code="a">Sys</subfield><subfield code="c">20100521</subfield><subfield code="h">090647</subfield></datafield></record></collection>